@book{dongbinxiu2010,
	author = {Dongbin Xiu},
	publisher = {Princeton University Press},
	title = {Numerical Methods for Stochastic Computations - A spectral Method Approach},
	year = {2010}
}

@online{kleingordon2016,
	keywords = {physical intepretation; wave equation; derivation; history},
	month = dec,
	title = {Klein-Gordon-Equation},
	url = {https://en.wikipedia.org/wiki/Klein%E2%80%93Gordon_equation#History},
	year = {2016}
}

@unpublished{paulconstantine2007,
	author = {Paul Constantine},
	month = {mar},
	note = {Stochastic Galerkin approach for uncertainty quantification. Examples: 2d Poisson, 1d Heat equation.},
	title = {A Primer on Stochastic Galerkin Methods},
	year = {2007}
}

@article{davidgottliebdongbinxiu2008,
	author = {Dongbin Xiu {David Gottlieb}},
	journal = {Communications in Computational Physics},
	month = {feb},
	number = {2},
	pages = {505--518},
	title = {Galerkin Method for Wave Equations with Uncertain Coefficients},
	volume = {3},
	year = {2008}
}

@unpublished{thomasgerstnermichaelgriebel,
	author = {Michael Griebel {Thomas Gerstner}},
	note = {University of Bonn, Keywords: Multivariate numerical quadrature, sparse grids, Smolyak's con- struction, complexity, curse of dimension},
	title = {Numerical Integration using Sparse Grids}
}

@unpublished{hansfangohr2015,
	author = {Hans Fangohr},
	month = {sep},
	note = {Example source for introduction to python, numpy, and for transition from MATLAB to python},
	title = {Python for Computational Science and Engineering},
	year = {2015}
}

@online{andreipolyanin2004,
	author = {Andrei Polyanin},
	title = {Linear Klein--Gordon Equation},
	url = {http://eqworld.ipmnet.ru/en/solutions/lpde/lpde203.pdf},
	year = {2004}
}

@unpublished{nobiletemponewebster2007,
	author = {Nobile, Tempone, Webster},
	month = {may},
	note = {Keywords: Collocation techniques, stochastic PDEs, finite elements, uncertainty quantifica- tion, sparse grids, Smolyak approximation, multivariate polynomial approximation},
	title = {A sparse grid stochastic collocation method for partial differential equations with random input data},
	year = {2007}
}

@article{norbertwiener1938,
	author = {Norbert Wiener},
	journal = {American Journal of Mathematics},
	month = {oct},
	number = {4},
	pages = {897--936},
	title = {The homogeneous chaos},
	volume = {60},
	year = {1938}
}

@online{cern2016,
	author = {Cern},
	keywords = {Higgs Boson},
	month = dec,
	title = {{The Standard Model}},
	url = {https://home.cern/about/physics/standard-model},
	year = {2016}
}

@book{HairerLubichWanner,
	author = {E. Hairer and C. Lubich and G. Wanner},
	booktitle = {Structure-preserving algorithms for ordinary differential equations},
	publisher = {Springer-Verlag},
	series = {Springer Series in Computational Mathematics},
	title = {Geometric numerical integration (Second ed.)},
	volume = {31},
	year = {2006}
}

@mastersthesis{patrickdiplom,
	author = {Patrick Kr\"{a}mer},
	month = {dec},
	title = {The Method of Multiple Scales for nonlinear Klein-Gordon and Schr\"{o}dinger Equations},
	year = {2013}
}

@book{GhaSpa91,
	author = {Roger G. Ghanem and Pol D. Spanos},
	booktitle = {Stochastic Finite Elements: A Spectral Approach},
	isbn = {978-1-4612-7795-8},
	publisher = {Springer New York},
	year = {1991}
}

@article{xiu2002,
	author = {Dongbin Xiu and George Em Karniadakis},
	journal = {SIAM J. Sci. Computing},
	month = {oct},
	number = {2},
	pages = {619--644},
	title = {The Wiener-Askey Polynomial Chaos for Stochastic Differential Equations},
	volume = {24},
	year = {2002}
}

@online{webaskey,
	month = jan,
	title = {Askey Scheme},
	url = {http://dlmf.nist.gov/18.21.F1.mag},
	year = {2017}
}

@online{weborthopoly,
	month = jan,
	title = {Orthogonal polynomials},
	url = {https://homepage.tudelft.nl/11r49/documents/wi4006/orthopoly.pdf},
	year = {2017}
}

@article{koekoekswart98,
	author = {R. Koekoek and R.F. Swarttouw},
	howpublished = {Technical Report 98-17},
	institution = {Department of Technical Mathematics and Informatics, Delft University of Technology},
	title = {The Askey-scheme of hypergeometric orthogonal polynomials and its q-analgoue.},
	year = {1998}
}

@unpublished{GolubWelsch,
	author = {Gene H. Golub and John H. Welsch},
	month = jul,
	title = {Calculation of Gauss Quadrature Rules},
	year = {1968}
}

@article{faber14,
	author = {G. Faber},
	journal = {Jahresber. Deutsch. Math. Verein.},
	pages = {190--210},
	title = {\"{U}ber die interpolatorische Darstellung stetiger Funktionen},
	volume = {23},
	year = {1914}
}

@unpublished{Trefethen,
	author = {Lloyd N. Trefethen},
	institution = {FRS, FIMA, Oxford University},
	month = jul,
	title = {Six Myths of Polynomial Interpolation and Quadrature},
	year = {2011}
}

@article{CouHil53,
	author = {R. Courant and D. Hilbert},
	journal = {John Wiley \& Sons},
	location = {New York},
	title = {Methods of Mathematical Physics},
	year = {1953}
}

@online{cook08,
	author = {John D. Cook},
	booktitle = {Comparing three methods of computing standard deviation},
	month = sep,
	title = {{Orthogonal polynomials}},
	url = {http://www.johndcook.com/blog/2008/09/26/comparing-three-methods-of-computing-standard-deviation/},
	year = {2008}
}

@article{welford62,
	author = {B. P. Welford},
	journal = {Imperial Chemical Industries Limited},
	month = aug,
	number = {3},
	title = {Note on a Method for Calculating Corrected Sums of Squares and Products},
	volume = {4},
	year = {1962}
}

@article{halton60,
	author = {John Halton},
	journal = {Numerische Mathematik},
	pages = {84-90},
	title = {On the efficiency of certain quasi-random sequences of points in evaluating multi-dimensional integrals},
	volume = {2},
	year = {1960}
}

